<record><leader>00000cas a22000007a 4500</leader><controlfield tag="001">15155895</controlfield><controlfield tag="008">870205c19879999aludr ne      0   a0eng c</controlfield><datafield ind1=" " ind2=" " tag="010"><subfield code="a">sn 87050045 </subfield></datafield><datafield ind1=" " ind2=" " tag="040"><subfield code="a">AAA</subfield><subfield code="b">eng</subfield><subfield code="c">AAA</subfield><subfield code="d">CPN</subfield><subfield code="d">NSD</subfield><subfield code="d">DLC</subfield><subfield code="d">CPN</subfield><subfield code="d">NSD</subfield><subfield code="d">DLC</subfield><subfield code="d">CPN</subfield><subfield code="d">DLC</subfield><subfield code="d">OCL</subfield><subfield code="d">DLC</subfield><subfield code="d">OCLCQ</subfield><subfield code="d">OCLCF</subfield><subfield code="d">OCLCQ</subfield></datafield><datafield ind1=" " ind2=" " tag="012"><subfield code="m">1</subfield></datafield><datafield ind1=" " ind2=" " tag="019"><subfield code="a">994459667</subfield></datafield><datafield ind1="1" ind2=" " tag="022"><subfield code="a">0892-4457</subfield><subfield code="l">0892-4457</subfield><subfield code="2">1</subfield></datafield><datafield ind1="1" ind2=" " tag="029"><subfield code="a">AU@</subfield><subfield code="b">000020456714</subfield></datafield><datafield ind1=" " ind2=" " tag="032"><subfield code="a">360980</subfield><subfield code="b">USPS</subfield></datafield><datafield ind1=" " ind2=" " tag="037"><subfield code="b">The Advertiser, P.O. Box 1000, Montgomery, AL 36192</subfield></datafield><datafield ind1=" " ind2=" " tag="042"><subfield code="a">pcc</subfield><subfield code="a">nsdp</subfield></datafield><datafield ind1=" " ind2=" " tag="043"><subfield code="a">n-us-al</subfield></datafield><datafield ind1="0" ind2="0" tag="050"><subfield code="a">Newspaper</subfield></datafield><datafield ind1="0" ind2=" " tag="130"><subfield code="a">Montgomery advertiser (Montgomery, Ala. : 1987)</subfield></datafield><datafield ind1=" " ind2="4" tag="222"><subfield code="a">The Montgomery advertiser</subfield><subfield code="b">(1987)</subfield></datafield><datafield ind1="1" ind2="4" tag="245"><subfield code="a">The Montgomery advertiser.</subfield></datafield><datafield ind1="3" ind2="0" tag="246"><subfield code="a">Montgomery advertiser &amp; the Alabama journal</subfield></datafield><datafield ind1="3" ind2="0" tag="246"><subfield code="a">Sunday Montgomery advertiser</subfield></datafield><datafield ind1=" " ind2=" " tag="260"><subfield code="a">Montgomery, Ala. :</subfield><subfield code="b">Advertiser Co.,</subfield><subfield code="c">1987-</subfield></datafield><datafield ind1=" " ind2=" " tag="300"><subfield code="a">volumes :</subfield><subfield code="b">illustrations</subfield></datafield><datafield ind1=" " ind2=" " tag="310"><subfield code="a">Daily</subfield></datafield><datafield ind1=" " ind2=" " tag="336"><subfield code="a">text</subfield><subfield code="b">txt</subfield><subfield code="2">rdacontent</subfield></datafield><datafield ind1=" " ind2=" " tag="337"><subfield code="a">unmediated</subfield><subfield code="b">n</subfield><subfield code="2">rdamedia</subfield></datafield><datafield ind1=" " ind2=" " tag="338"><subfield code="a">volume</subfield><subfield code="b">nc</subfield><subfield code="2">rdacarrier</subfield></datafield><datafield ind1="0" ind2=" " tag="362"><subfield code="a">160th year, no. 1 (Jan. 2, 1987)-</subfield></datafield><datafield ind1=" " ind2=" " tag="500"><subfield code="a">On Saturdays, Sundays and holidays a combined edition is published with the Alabama journal, and called: Montgomery advertiser and the Alabama journal, Jan. 3, 1987, and: Alabama journal and Montgomery advertiser, Jan. 4, 1987-Feb. 25, 1990.</subfield></datafield><datafield ind1=" " ind2=" " tag="500"><subfield code="a">Issues for Sunday called: Sunday Montgomery advertiser, Mar. 4, 1990-</subfield></datafield><datafield ind1=" " ind2=" " tag="515"><subfield code="a">Issues for Saturday, Sunday and holidays have their own numbering, Jan. 3, 1987-Feb. 25, 1990.</subfield></datafield><datafield ind1=" " ind2="0" tag="651"><subfield code="a">Montgomery (Ala.)</subfield><subfield code="v">Newspapers.</subfield></datafield><datafield ind1=" " ind2="7" tag="651"><subfield code="a">Alabama</subfield><subfield code="z">Montgomery.</subfield><subfield code="2">fast</subfield><subfield code="0">(OCoLC)fst01202689</subfield></datafield><datafield ind1=" " ind2="7" tag="655"><subfield code="a">Newspapers.</subfield><subfield code="2">fast</subfield><subfield code="0">(OCoLC)fst01423814</subfield></datafield><datafield ind1=" " ind2=" " tag="752"><subfield code="a">United States</subfield><subfield code="b">Alabama</subfield><subfield code="c">Montgomery</subfield><subfield code="d">Montgomery.</subfield></datafield><datafield ind1="0" ind2="0" tag="780"><subfield code="t">Advertiser (Montgomery, Ala.)</subfield><subfield code="x">0745-3221</subfield><subfield code="w">(DLC)sn 82008412</subfield><subfield code="w">(OCoLC)9049482</subfield></datafield><datafield ind1="0" ind2="5" tag="780"><subfield code="t">Alabama journal (Montgomery, Ala. : 1940)</subfield><subfield code="x">0745-323X</subfield><subfield code="w">(DLC)sn 87062018</subfield><subfield code="w">(OCoLC)2666111</subfield></datafield></record>